@BOOK{begleiter,
  author={ Michel	Goossens and Frank Mittelbach and Alexander Samarin},
  title={Der {\LaTeX-B}egleiter},
  publisher={Addison-{W}esley},
  year={2002}
}
